@book{Kooy2010,
	title = {Dynamic {Energy} {Budget} theory for metabolic organisation},
	isbn = {978-0-521-13191-9},
	url = {doi: 10.1098/rstb.2010.},
	publisher = {Cambridge Univ. Press, Cambridge},
	author = {Kooijman, S.A.L.M.},
	year = {2010}
}
